@UNPUBLISHED{fleischmann95c,
  AUTHOR = {Fleischmann, R. and Geisel, T. and Holzknecht, C. and Ketzmerick, R.},
  DATE = {1995},
  NOTE = {submitted to Phys. Rev. Lett.},
  TITLE = {Nonlinear Dynamics of Composite Fermions in Nanostructures},
}

@ARTICLE{fleischmann92,
  AUTHOR = {Fleischmann, R. and Geisel, T. and Ketzmerick, R.},
  DATE = {1992},
  JOURNALTITLE = {Phys. Rev. Lett.},
  PAGES = {1367},
  TITLE = {Magnetoresistance due to Chaos and Nonlinear Resonances in Lateral Surface Superlattices},
  VOLUME = {68},
}

@ARTICLE{fleischmann94,
  AUTHOR = {Fleischmann, R. and Geisel, T. and Ketzmerick, R.},
  DATE = {1994},
  JOURNALTITLE = {Europhys. Lett.},
  PAGES = {219},
  TITLE = {Quenched and Negative Hall Effect in Antidot Superlattices},
  VOLUME = {25},
}

@ARTICLE{fleischmann94a,
  AUTHOR = {Fleischmann, R. and Geisel, T. and Ketzmerick, R. and Petschel, G.},
  DATE = {1994},
  JOURNALTITLE = {Semicond. Sci. Technol.},
  PAGES = {1902},
  TITLE = {Chaotic Transport and Fractal Spectra in Lateral Superlattices},
  VOLUME = {9},
}

@ARTICLE{fleischmann95,
  AUTHOR = {Fleischmann, R. and Geisel, T. and Ketzmerick, R. and Petschel, G.},
  DATE = {1995},
  JOURNALTITLE = {Physica D},
  PAGES = {171},
  TITLE = {Quantum Diffusion, Fractal Spectra, and Chaos in Semiconductor Microstructures},
  VOLUME = {86},
}

@ARTICLE{fleischmann95a,
  AUTHOR = {Fleischmann, R. and Geisel, T. and Ketzmerick, R. and Petschel, G.},
  DATE = {1995},
  JOURNALTITLE = {Physikalische Blätter},
  PAGES = {177},
  TITLE = {Chaos und fraktale Energiespektren in Antidot-Gittern},
  VOLUME = {51},
}

@INPROCEEDINGS{fleischmann95b,
  AUTHOR = {Fleischmann, R. and Geisel, T. and Ketzmerick, R. and Petschel, G.},
  EDITOR = {Aizawa, Y. and Saito, S. and Shiraiwa, K.},
  LOCATION = {Singapore},
  PUBLISHER = {World Scientific},
  BOOKTITLE = {Dynamical Systems and Chaos},
  DATE = {1995},
  PAGES = {510},
  TITLE = {Fractal Spectra, Quantum Diffusion, and Chaos in Lateral Superlattices},
  VOLUME = {2},
}

@ARTICLE{geisel77,
  AUTHOR = {Geisel, T.},
  DATE = {1977},
  JOURNALTITLE = {Solid State Comm.},
  PAGES = {155},
  TITLE = {A Liquid-like Picture for the Interpretation of Raman Scattering in Superionic Conductors},
  VOLUME = {24},
}

@INPROCEEDINGS{geisel78b,
  AUTHOR = {Geisel, T.},
  EDITOR = {et al., E. D. Schmidt},
  LOCATION = {London},
  PUBLISHER = {Heyden and Son},
  BOOKTITLE = {Proceedings of the 6th International Conference on Raman Spectroscopy},
  DATE = {1978},
  PAGES = {214},
  TITLE = {Theory of Raman Scattering from Relaxation Processes in Crystals},
  VOLUME = {2},
}

@INPROCEEDINGS{geisel78c,
  AUTHOR = {Geisel, T.},
  EDITOR = {Balkanski, M.},
  LOCATION = {Paris},
  PUBLISHER = {Flammarion},
  BOOKTITLE = {Proceedings of the International Conference on Lattice Dynamics},
  DATE = {1978},
  PAGES = {549},
  TITLE = {Theory of Raman Scattering from Mobile Ions in Superionic Conductor},
}

@ARTICLE{geisel79,
  AUTHOR = {Geisel, T.},
  DATE = {1979},
  JOURNALTITLE = {Phys. Rev.},
  PAGES = {4294},
  TITLE = {Interacting Brownian Particles and Correlations in Superionic Conductors},
  VOLUME = {B 20},
}

@ARTICLE{geisel79a,
  AUTHOR = {Geisel, T.},
  DATE = {1979},
  JOURNALTITLE = {Solid State Comm.},
  PAGES = {739},
  TITLE = {Modulation and Incommensurability in a Superionic Conductor},
  VOLUME = {32},
}

@INPROCEEDINGS{geisel79b,
  AUTHOR = {Geisel, T.},
  EDITOR = {Salamon, M. B.},
  LOCATION = {Berlin},
  PUBLISHER = {Springer},
  BOOKTITLE = {Physics of Superionic Conductors},
  CHAPTER = {8},
  DATE = {1979},
  TITLE = {Continuous Stochastic Models},
}

@INPROCEEDINGS{geisel79c,
  AUTHOR = {Geisel, T.},
  EDITOR = {Vashishta, P. and Mundy, J. N. and Shenoy, G. K.},
  LOCATION = {New York},
  PUBLISHER = {Elsevier North Holland},
  BOOKTITLE = {Fast Ion Transport in Solids},
  DATE = {1979},
  PAGES = {541},
  TITLE = {The Role of Correlated Motion in Superionic Conductors},
}

@ARTICLE{geisel81,
  AUTHOR = {Geisel, T.},
  DATE = {1981},
  JOURNALTITLE = {Solid State Ionics},
  PAGES = {103},
  TITLE = {The Nature of the Molten Sublattice in Superionic Conductors},
  VOLUME = {3},
}

@MISC{geisel81b,
  AUTHOR = {Geisel, T.},
  DATE = {1978},
  HOWPUBLISHED = {s.a. Solid State Ionics 3, 109 (1981)},
  NOTE = {Film (25 min)},
  TITLE = {The Superionic Conductor - A Mechanical Molecular Dynamics Simulation},
}

@ARTICLE{geisel82,
  AUTHOR = {Geisel, T.},
  DATE = {1982},
  JOURNALTITLE = {Nature},
  PAGES = {322},
  TITLE = {Chaos and Randomness},
  VOLUME = {298},
}

@ARTICLE{geisel84,
  AUTHOR = {Geisel, T.},
  DATE = {1984},
  JOURNALTITLE = {Europhysics News},
  NUMBER = {5},
  PAGES = {5},
  TITLE = {Deterministic Diffusion, a Chaotic Phenomenon},
  VOLUME = {15},
}

@INPROCEEDINGS{geisel84f,
  AUTHOR = {Geisel, T.},
  EDITOR = {Velarde, M. G.},
  LOCATION = {New York},
  PUBLISHER = {Plenum Press},
  BOOKTITLE = {Non-Equilibrium Cooperative Phenomena in Physics and Related Fields},
  DATE = {1984},
  PAGES = {437},
  TITLE = {Deterministic Diffusion - A Quality of Chaos},
}

@INPROCEEDINGS{geisel85,
  AUTHOR = {Geisel, T.},
  EDITOR = {Buchler, J. R. and Perdang, J. and Spiegel, E. A.},
  LOCATION = {Dordrecht},
  PUBLISHER = {Reidel Publishing Co.},
  BOOKTITLE = {Chaos in Astrophysics},
  DATE = {1985},
  PAGES = {165},
  TITLE = {Chaos and Noise},
}

@INPROCEEDINGS{geisel88,
  AUTHOR = {Geisel, T.},
  EDITOR = {Velarde, M. G.},
  LOCATION = {Singapore},
  PUBLISHER = {World Scientific},
  BOOKTITLE = {Synergetics, Order and Chaos},
  DATE = {1988},
  PAGES = {601},
  TITLE = {A Generic Mechanism of 1/f-Noise in Conservative Chaotic Systems},
}

@INPROCEEDINGS{geisel89,
  AUTHOR = {Geisel, T.},
  LOCATION = {Singapore},
  PUBLISHER = {World Scientific},
  BOOKTITLE = {Singular Behaviour and Nonlinear Dynamics},
  DATE = {1989},
  PAGES = {87},
  TITLE = {Long-Time Tails and 1/f-Noise in Nonintegrable Hamiltonian Systems},
}

@INPROCEEDINGS{geisel89b,
  AUTHOR = {Geisel, T.},
  EDITOR = {Pnevmatikos, St. and Bountis, T. and Pnevmatikos, Sp.},
  LOCATION = {Singapore},
  PUBLISHER = {World Scientific},
  BOOKTITLE = {Singular Behaviour and Nonlinear Dynamics},
  DATE = {1989},
  PAGES = {87},
  TITLE = {Long-Time Tails and 1/f-Noise in Nonintegrable Hamiltonian Systems},
}

@ARTICLE{geisel90,
  AUTHOR = {Geisel, T.},
  DATE = {1990},
  JOURNALTITLE = {Phys. Rev. A},
  PAGES = {2989},
  TITLE = {Quasiperiodicity versus Mixing Instability in a Kicked Quantum System},
  VOLUME = {41},
}

@INPROCEEDINGS{geisel92c,
  AUTHOR = {Geisel, T.},
  EDITOR = {Thomas, H.},
  LOCATION = {Berlin},
  PUBLISHER = {Springer Verlag},
  BOOKTITLE = {Nonlinear Dynamics in Solids},
  DATE = {1992},
  TITLE = {Ballistic Electrons and Hamiltonian Chaos in Semiconductor Microstructures},
}

@INPROCEEDINGS{geisel95a,
  AUTHOR = {Geisel, T.},
  EDITOR = {Zaslavsky, G. M.},
  PUBLISHER = {Springer-Verlag},
  BOOKTITLE = {Lévy Flights and Related Phenomena in Physics},
  DATE = {1995},
  TITLE = {Lévy Walks in Chaotic Systems: Useful Formulas and Recent Applications},
}

@ARTICLE{geisel87,
  AUTHOR = {Geisel, T. and Brandl, A. and Prettl, W.},
  DATE = {1987},
  JOURNALTITLE = {Europhys. Lett.},
  PAGES = {401},
  TITLE = {Oscillations and Chaotic Current Fluctuations in n- {G} a {A} s},
  VOLUME = {3},
}

@ARTICLE{geisel78,
  AUTHOR = {Geisel, T. and Dieterich, W. and Peschel, I.},
  DATE = {1978},
  JOURNALTITLE = {Z. Physik},
  PAGES = {5},
  TITLE = {Scattering of Light and Neutrons in a Model for Superionic Conductors},
  VOLUME = {B 29},
}

@ARTICLE{geisel90b,
  AUTHOR = {Geisel, T. and Eisenhammer, T. and Hübler, A. and Lüscher, E.},
  DATE = {1990},
  JOURNALTITLE = {Phys. Rev. A},
  PAGES = {3332},
  TITLE = {Scaling behavior of the maximum energy exchange between coupled anharmonic oscillators},
  VOLUME = {41},
}

@ARTICLE{geisel84a,
  AUTHOR = {Geisel, T. and Fairen, V.},
  DATE = {1984},
  JOURNALTITLE = {Phys. Letters},
  NUMBER = {A},
  PAGES = {263},
  TITLE = {Statistical Properties of Chaos in Chebyshev Maps},
  VOLUME = {105},
}

@ARTICLE{geisel83,
  AUTHOR = {Geisel, T. and Heldstab, J. and Thomas, H. and Radons, G.},
  DATE = {1983},
  JOURNALTITLE = {Z. Phys.},
  PAGES = {141},
  TITLE = {Linear and Nonlinear Response of Discrete Dynamical Systems {I} : Periodic Attractors and their Bifurcations},
  VOLUME = {B 50},
}

@INPROCEEDINGS{geisel76,
  AUTHOR = {Geisel, T. and Hochheimer, H. and Keller, J.},
  EDITOR = {Balkanski, M. and Leite, R. C. C. and Porto, S. P. S.},
  LOCATION = {Paris},
  PUBLISHER = {Flammarion},
  BOOKTITLE = {Light Scattering in Solids (3rd International Conference)},
  DATE = {1976},
  PAGES = {801},
  TITLE = {Identification of Phases in {NH4B} r by Raman Measurements under High Pressure},
}

@ARTICLE{geisel75,
  AUTHOR = {Geisel, T. and Keller, J.},
  DATE = {1975},
  JOURNALTITLE = {J. Chem. Phys.},
  PAGES = {3777},
  TITLE = {Shell Model Investigation of the Raman Scattering in the Ordered and Disordered Phases of {NH4B} r},
  VOLUME = {62},
}

@ARTICLE{geisel78a,
  AUTHOR = {Geisel, T. and Keller, J.},
  DATE = {1978},
  JOURNALTITLE = {J. Phys. Chem. Solids},
  PAGES = {1},
  TITLE = {Theory of Raman and {FIR} Spectra Induced by Orientational Disorder in {NH4C} l and {NH4I}},
  VOLUME = {39},
}

@ARTICLE{geisel91b,
  AUTHOR = {Geisel, T. and Ketzmerick, R. and Petschel, G.},
  DATE = {1991},
  JOURNALTITLE = {Phys. Rev. Lett.},
  PAGES = {1651},
  TITLE = {New Class of Level Statistics in Quantum Systems with Unbounded Diffusion},
  VOLUME = {66},
}

@ARTICLE{geisel91c,
  AUTHOR = {Geisel, T. and Ketzmerick, R. and Petschel, G.},
  DATE = {1991},
  JOURNALTITLE = {Phys. Rev. Lett.},
  PAGES = {3635},
  TITLE = {Metamorphosis of a Cantor Spectrum due to Classical Chaos},
  VOLUME = {67},
}

@INPROCEEDINGS{geisel92b,
  AUTHOR = {Geisel, T. and Ketzmerick, R. and Petschel, G.},
  EDITOR = {Cvitanovic, P. and Percival, I. C. and Wirzba, A.},
  LOCATION = {Dordrecht},
  PUBLISHER = {Kluwer Academic Publishers},
  BOOKTITLE = {Quantum Chaos - Theory and Experiment},
  DATE = {1992},
  PAGES = {43},
  TITLE = {Unbounded Quantum Diffusion and a New Class of Level Statistics},
}

@INPROCEEDINGS{geisel93,
  AUTHOR = {Geisel, T. and Ketzmerick, R. and Petschel, G.},
  BOOKTITLE = {Proceedings of Chaos in Mesoscopic Systems},
  DATE = {1993},
  NOTE = {Triest},
  TITLE = {Quantum Chaology of Fractal Spectra},
}

@INPROCEEDINGS{geisel95,
  AUTHOR = {Geisel, T. and Ketzmerick, R. and Petschel, G.},
  EDITOR = {Casati, G. and Chirikov, B. V.},
  LOCATION = {Cambridge},
  PUBLISHER = {Cambridge University Press},
  BOOKTITLE = {Chaos and Order - Between Order and Disorder},
  DATE = {1995},
  PAGES = {633},
  TITLE = {Unbounded Quantum Diffusion and Fractal Spectra},
}

@ARTICLE{geisel92a,
  AUTHOR = {Geisel, T. and Ketzmerick, R. and Schedletzky, O.},
  DATE = {1992},
  JOURNALTITLE = {Phys. Rev. Lett.},
  PAGES = {1680},
  TITLE = {Classical Hall Plateaus in Ballistic Microjunctions},
  VOLUME = {69},
}

@ARTICLE{geisel92,
  AUTHOR = {Geisel, T. and Niebauer, P. and Wagenhuber, J. and Obermair, G.},
  DATE = {1992},
  JOURNALTITLE = {Phys. Rev. B},
  PAGES = {4372},
  TITLE = {Chaos and Anomalous Diffusion of Ballistic Electrons in Lateral Surface Superlattices},
  VOLUME = {45},
}

@ARTICLE{geisel81a,
  AUTHOR = {Geisel, T. and Nierwetberg, J.},
  DATE = {1981},
  JOURNALTITLE = {Phys. Rev. Lett.},
  PAGES = {975},
  TITLE = {Universal Fine Structure of the Chaotic Region in Period-Doubling Systems},
  VOLUME = {47},
}

@ARTICLE{geisel82a,
  AUTHOR = {Geisel, T. and Nierwetberg, J.},
  DATE = {1982},
  JOURNALTITLE = {Phys. Rev. Lett.},
  PAGES = {7},
  TITLE = {Onset of Diffusion and Universal Scaling in Chaotic Systems},
  VOLUME = {48},
}

@INPROCEEDINGS{geisel82b,
  AUTHOR = {Geisel, T. and Nierwetberg, J.},
  EDITOR = {Haken, H.},
  LOCATION = {Berlin},
  PUBLISHER = {Springer},
  BOOKTITLE = {Evolution of Order and Chaos in Physics},
  DATE = {1982},
  PAGES = {187},
  TITLE = {Scaling Behavior of Discrete Dynamical Systems},
}

@INPROCEEDINGS{geisel83a,
  AUTHOR = {Geisel, T. and Nierwetberg, J.},
  EDITOR = {Garrido, L.},
  PUBLISHER = {Springer},
  BOOKTITLE = {Dynamical Systems and Chaos},
  DATE = {1983},
  PAGES = {93},
  SERIES = {Lecture Notes in Physics 179},
  TITLE = {Self-Generated Diffusion and Universal Critical Properties in Chaotic Systems},
}

@ARTICLE{geisel84b,
  AUTHOR = {Geisel, T. and Nierwetberg, J.},
  DATE = {1984},
  JOURNALTITLE = {Phys. Rev. A},
  PAGES = {2305},
  TITLE = {Intermittent Diffusion: A Chaotic Scenario in Unbounded Systems},
  VOLUME = {29},
}

@ARTICLE{geisel84c,
  AUTHOR = {Geisel, T. and Nierwetberg, J.},
  DATE = {1984},
  JOURNALTITLE = {Z. Phys. B},
  PAGES = {59},
  TITLE = {Statistical Properties of Intermittent Diffusion in Chaotic Systems},
  VOLUME = {56},
}

@ARTICLE{geisel89a,
  AUTHOR = {Geisel, T. and Radons, G.},
  DATE = {1989},
  JOURNALTITLE = {Physica Scripta},
  PAGES = {340},
  TITLE = {Nonlinear Phenomena Associated with Cantori in Classical and Quantum Systems},
  VOLUME = {40},
}

@ARTICLE{geisel84d,
  AUTHOR = {Geisel, T. and Radons, G. and Keller, J.},
  DATE = {1984},
  JOURNALTITLE = {Solid State Ionics},
  PAGES = {75},
  TITLE = {Neutron Scattering in Superionic Conductors},
  VOLUME = {13},
}

@INPROCEEDINGS{geisel87a,
  AUTHOR = {Geisel, T. and Radons, G. and Rubner, J.},
  EDITOR = {Lugiato, L. and Pike, E. R.},
  LOCATION = {Bristol},
  PUBLISHER = {Adam Hilger},
  BOOKTITLE = {Chaos, Noise, and Fractals},
  DATE = {1987},
  PAGES = {76},
  SERIES = {Malvern Physics Series, Vol. 3},
  TITLE = {Cantori and Quantum Mechanics},
}

@INPROCEEDINGS{geisel88a,
  AUTHOR = {Geisel, T. and Radons, G. and Rubner, J. and Zacherl, A.},
  EDITOR = {Haken, H. and Caglioti, G.},
  LOCATION = {Amsterdam},
  PUBLISHER = {North-Holland},
  BOOKTITLE = {Synergetics and Dynamic Instabilities},
  DATE = {1988},
  NOTE = {Proceedings of the International School of Physics Enrico Fermi},
  TITLE = {Phase Space Diffusion in the Classical and Quantum Mechanics of Chaotic Systems},
}

@ARTICLE{geisel84e,
  AUTHOR = {Geisel, T. and Thomae, S.},
  DATE = {1984},
  JOURNALTITLE = {Phys. Rev. Lett.},
  PAGES = {1936},
  TITLE = {Anomalous Diffusion in Intermittent Chaotic Systems},
  VOLUME = {52},
}

@INPROCEEDINGS{geisel91a,
  AUTHOR = {Geisel, T. and Wagenhuber, J.},
  EDITOR = {Kramer, B.},
  LOCATION = {New York},
  PUBLISHER = {Plenum Press},
  BOOKTITLE = {Quantum Coherence in Mesoscopic Systems},
  DATE = {1991},
  PAGES = {617},
  TITLE = {Hamiltonian Chaos in Lateral Surface Superlattices},
}

@ARTICLE{heldstab84,
  AUTHOR = {Heldstab, J. and Geisel, T. and Thomas, H.},
  DATE = {1984},
  JOURNALTITLE = {Z. Phys.},
  PAGES = {165},
  TITLE = {Linear and Nonlinear Response of Discrete Dynamical Systems {II} : Chaotic Attractors},
  VOLUME = {B 55},
}

@ARTICLE{hochheimer76,
  AUTHOR = {Hochheimer, H. D. and Gebhardt, W. and Geisel, T. and Spanner, E.},
  DATE = {1976},
  JOURNALTITLE = {High Temp. High Press.},
  PAGES = {647},
  TITLE = {Phase Diagrams of {NH4I} and {NH4B} r from Raman Measurements at High Pressure},
  VOLUME = {8},
}

@ARTICLE{hochheimer76a,
  AUTHOR = {Hochheimer, H. D. and Geisel, T.},
  DATE = {1976},
  JOURNALTITLE = {J. Chem. Phys.},
  PAGES = {1586},
  TITLE = {Study of Phase Transitions and of the Possible Existence of a Fifth Phase in {NH4B} r by Raman Scattering under High Pressure},
  VOLUME = {64},
}

@ARTICLE{keller83,
  AUTHOR = {Keller, J. and Radons, G. and Geisel, T.},
  DATE = {1983},
  JOURNALTITLE = {Z. Phys.},
  PAGES = {289},
  TITLE = {Dynamical Structure Factor of a One-Dimensional Harmonic Liquid: Comparison of Different Approximation Methods},
  VOLUME = {B 50},
}

@ARTICLE{keller85,
  AUTHOR = {Keller, J. and Radons, G. and Geisel, T.},
  DATE = {1985},
  JOURNALTITLE = {Z. Phys.},
  PAGES = {339},
  TITLE = {Dynamical Structure Factor of the Frenkel-Kontorova Model},
  VOLUME = {B 61},
}

@INPROCEEDINGS{ketzmerick91,
  AUTHOR = {Ketzmerick, R.},
  EDITOR = {Peitgen, H.-O. and Henriques, J. M. and Penedo, L. F.},
  LOCATION = {Amsterdam},
  PUBLISHER = {Elsevier},
  BOOKTITLE = {Fractals in the Fundamental and Applied Sciences},
  DATE = {1991},
  TITLE = {Numerical Investigation of Stochastic Processes with Memory},
}

@BOOK{ketzmerick92,
  AUTHOR = {Ketzmerick, R.},
  LOCATION = {Frankfurt},
  PUBLISHER = {Harri Deutsch},
  DATE = {1992},
  NOTE = {Dissertation, Universität Frankfurt},
  TITLE = {Chaos, fraktale Spektren und Quantendynamik in Halbleiter-Mikrostrukturen},
}

@ARTICLE{ketzmerick94,
  AUTHOR = {Ketzmerick, R.},
  DATE = {1994},
  JOURNALTITLE = {Physikalische Blätter},
  PAGES = {868},
  TITLE = {Tagungsbericht: Chaos and Mesoscopic Systems},
  VOLUME = {50},
}

@UNPUBLISHED{ketzmerick95,
  AUTHOR = {Ketzmerick, R.},
  DATE = {1995},
  NOTE = {submitted to Phys. Rev. Lett.},
  TITLE = {Fractal Conductance Fluctuations},
}

@ARTICLE{ketzmerick89,
  AUTHOR = {Ketzmerick, R. and Öttinger, H. C.},
  DATE = {1989},
  JOURNALTITLE = {Continuum Mechanics and Thermodynamics},
  PAGES = {113},
  TITLE = {Simulation of a Non-Markovian process modelling contour length fluctuation in the Doi-Edwards model},
  VOLUME = {1},
}

@ARTICLE{ketzmerick92a,
  AUTHOR = {Ketzmerick, R. and Petschel, G. and Geisel, T.},
  DATE = {1992},
  JOURNALTITLE = {Phys. Rev. Lett.},
  PAGES = {695},
  TITLE = {Slow Decay of Temporal Correlations in Quantum Systems with Cantor Spectra},
  VOLUME = {69},
}

@ARTICLE{niebauer90,
  AUTHOR = {Niebauer, P. and Geisel, T. and Wagenhuber, J. and Obermair, G.},
  DATE = {1990},
  JOURNALTITLE = {Phys. Rev. Lett.},
  PAGES = {1581},
  TITLE = {Chaotic Dynamics of Ballistic Electrons in Lateral Superlattices and Magnetic Fields},
  VOLUME = {64},
}

@ARTICLE{nierwetberg81,
  AUTHOR = {Nierwetberg, J. and Geisel, T. and Keller, J.},
  DATE = {1981},
  JOURNALTITLE = {Phys. Letters},
  PAGES = {75},
  TITLE = {Critical Behavior of the Lyapunov Number at the Period-Doubling Onset of Chaos},
  VOLUME = {86 A},
}

@ARTICLE{nierwetberg85,
  AUTHOR = {Nierwetberg, J. and Geisel, T. and Zacherl, A.},
  DATE = {1985},
  JOURNALTITLE = {Phys. Rev. Lett.},
  PAGES = {616},
  TITLE = {Accelerated Diffusion in Josephson Junctions and Related Chaotic Systems},
  VOLUME = {54},
}

@ARTICLE{nierwetberg86,
  AUTHOR = {Nierwetberg, J. and Zacherl, A. and Geisel, T. and Radons, G.},
  DATE = {1986},
  JOURNALTITLE = {Phys. Lett.},
  PAGES = {317},
  TITLE = {Power Spectra for Anomalous Diffusion in the Extended Sinai Billiard},
  VOLUME = {114 A},
}

@BOOK{petschel93a,
  AUTHOR = {Petschel, G.},
  LOCATION = {Frankfurt},
  PUBLISHER = {Harri Deutsch Verlag},
  DATE = {1993},
  NOTE = {Dissertation, Universität Frankfurt},
  TITLE = {Elektronen in Halbleiter-übergittern: ein Paradigma für den Grenzbereich zwischen klassischem Chaos und Quantenmechanik},
}

@ARTICLE{petschel91a,
  AUTHOR = {Petschel, G. and Geisel, T.},
  DATE = {1991},
  JOURNALTITLE = {Phys. Rev. A},
  PAGES = {7959},
  TITLE = {Unusual manifold structure and anomalous diffusion in a Hamiltonian model for chaotic guiding-center motion},
  VOLUME = {44},
}

@ARTICLE{petschel93,
  AUTHOR = {Petschel, G. and Geisel, T.},
  DATE = {1993},
  JOURNALTITLE = {Phys. Rev. Lett.},
  PAGES = {239},
  TITLE = {Bloch Electrons in Magnetic Fields: Classical Chaos and Hofstadter's Butterfly},
  VOLUME = {71},
}

@ARTICLE{radons86,
  AUTHOR = {Radons, G. and Geisel, T. and Rubner, J.},
  DATE = {1986},
  JOURNALTITLE = {Phys. Rev. Lett.},
  PAGES = {2883},
  TITLE = {Kolmogorov-Arnold-Moser Barriers in the Quantum Dynamics of Chaotic Systems},
  VOLUME = {57},
}

@INPROCEEDINGS{radons87,
  AUTHOR = {Radons, G. and Geisel, T. and Rubner, J.},
  EDITOR = {Kim, Y. S. and Zachary, W. W.},
  PUBLISHER = {Springer},
  BOOKTITLE = {Proceedings of the First International Conference on the Physics of Phase Space},
  DATE = {1987},
  PAGES = {156},
  SERIES = {Lecture Notes in Physics 278},
  TITLE = {The Role of {KAM} -tori for the Dynamics of Nonlinear Quantum Systems},
}

@INPROCEEDINGS{radons88,
  AUTHOR = {Radons, G. and Geisel, T. and Rubner, J.},
  EDITOR = {Hirschfelder, J. O. and Wyatt, R. E. and Coalson, R. D.},
  PUBLISHER = {Adv. Chem. Phys.},
  BOOKTITLE = {Lasers, Molecules, and Methods},
  DATE = {1988},
  PAGES = {891},
  TITLE = {Classical Chaos Versus Quantum Dynamics: {KAM} -tori and Cantori as Dynamical Barriers},
}

@ARTICLE{schloesser95,
  AUTHOR = {Schlösser, T. and Ensslin, K. and Claro, F. and Kotthaus, J. P. and Holland, M. and Ketzmerick, R.},
  DATE = {1995},
  JOURNALTITLE = {Phys. Rev. B},
  PAGES = {10737},
  TITLE = {Corrugation-induced transverse voltage in a lateral superlattice},
  VOLUME = {51},
}

@ARTICLE{vasiliadou95,
  AUTHOR = {Vasiliadou, E. and Fleischmann, R. and Weiss, D. and Heitmann, D. and v. Klitzing, K. and Geisel, T. and Bergmann, R. and Schweizer, H. and Foxon, C. T.},
  DATE = {1995},
  JOURNALTITLE = {Phys. Rev. B},
  NUMBER = {12},
  PAGES = {R8659},
  TITLE = {Cyclotron-resonance anomalies in an antidot array measured by microwave photoconductivity},
  VOLUME = {52},
}

@ARTICLE{zacherl87,
  AUTHOR = {Zacherl, A. and Geisel, T. and Radons, G.},
  DATE = {1987},
  JOURNALTITLE = {Phys. Rev. Lett.},
  PAGES = {2503},
  TITLE = {Generic 1/f-Noise in Chaotic Hamiltonian Dynamics},
  VOLUME = {59},
}

@ARTICLE{zacherl88,
  AUTHOR = {Zacherl, A. and Geisel, T. and Radons, G.},
  DATE = {1988},
  JOURNALTITLE = {Z. Phys.},
  PAGES = {117},
  TITLE = {Chaotic Diffusion and 1/f-Noise of Particles in Two-Dimensional Solids},
  VOLUME = {B 71},
}

@ARTICLE{zacherl88a,
  AUTHOR = {Zacherl, A. and Geisel, T. and Radons, G.},
  DATE = {1988},
  JOURNALTITLE = {Phys. Rev. Lett.},
  PAGES = {1040},
  TITLE = {Renormalization Chaos and Motion Statistical Properties},
  VOLUME = {61},
}

