@ARTICLE{andersonetal:1988,
  AUTHOR = {Anderson, P. A. and Olavaria, J. and Sluyters, R. C. Van},
  DATE = {1988},
  JOURNALTITLE = {J. Neurosci.},
  PAGES = {2183--2200},
  TITLE = {The overall pattern of ocular dominance bands in cat visual cortex},
  VOLUME = {8},
}

@ARTICLE{barlow:1975,
  AUTHOR = {Barlow, H. B.},
  DATE = {1975},
  JOURNALTITLE = {Nature},
  PAGES = {199--204},
  TITLE = {Visual experience and cortical development},
  VOLUME = {258},
}

@ARTICLE{bartfield:1992,
  AUTHOR = {Bartfield, Eyal and Grinvald, Amiram},
  DATE = {1992-12},
  JOURNALTITLE = {Proc. Nat. Acad. Sci. (USA)},
  PAGES = {11905--11909},
  TITLE = {Relationships between orientation-preference pinwheels, cytocrome oxidase blobs and ocular-dominance columns in primate striate cortex},
  VOLUME = {89},
}

@ARTICLE{blakemore:1978,
  AUTHOR = {Blakemore, C. and Garey, L. J. and Vital-Durand, F.},
  DATE = {1978},
  JOURNALTITLE = {J. Physiol. (London)},
  PAGES = {223--262},
  TITLE = {The physiological effects of monocular deprivation and their reversal in the monkey's visual cortex},
  VOLUME = {283},
}

@ARTICLE{blakemore:1970,
  AUTHOR = {Blakemore, Colin and Cooper, G. F.},
  PUBLISHER = {Cold Spring Harbor Laboratory Press},
  BOOKTITLE = {Cold Spring Harbor Symposia on Quantitative Biology, Volume LV},
  DATE = {1970},
  JOURNALTITLE = {Nature},
  PAGES = {477--478},
  TITLE = {Development of the brain depends on the visual environment},
  VOLUME = {228},
}

@ARTICLE{blasdel:1992a,
  AUTHOR = {Blasdel, G. G.},
  DATE = {1992},
  JOURNALTITLE = {J. Neurosci.},
  NUMBER = {8},
  PAGES = {3117--3138},
  TITLE = {Differential Imaging of Ocular Dominance and Orientation Selectivity in Monkey Striate Cortex},
  VOLUME = {12},
}

@ARTICLE{blasdel:1994,
  AUTHOR = {Blasdel, G. G. and Obermayer, K.},
  DATE = {1994},
  JOURNALTITLE = {Neur. Netw.},
  PAGES = {865--881},
  TITLE = {Strategies of Scene Segmentation Suggested by Patterns of Orientation Preference in Monkey Visual Cortex},
  VOLUME = {7},
}

@ARTICLE{blasdel:1995,
  AUTHOR = {Blasdel, Gary G. and Obermayer, Klaus and Kiorpes, Lynne},
  ORGANIZATION = {Society for Neuroscience},
  BOOKTITLE = {Soc. Neurosci. Abstracts},
  DATE = {1995},
  JOURNALTITLE = {Visual Neuroscience},
  PAGES = {589--603},
  TITLE = {Organization of ocular dominance and orientation columns in the striate cortex of neonatal macaque monkeys},
  VOLUME = {12},
}

@ARTICLE{blasdel:1986,
  AUTHOR = {Blasdel, Gary G. and Salama, Guy},
  DATE = {1986},
  JOURNALTITLE = {Nature},
  PAGES = {579--585},
  TITLE = {Voltage-sensitive dyes reveal a modular organization in monkey striate cortex},
  VOLUME = {321},
}

@ARTICLE{blasdel:1992b,
  AUTHOR = {Blasdel, Gery G.},
  DATE = {1992},
  JOURNALTITLE = {J. Neurosci.},
  NUMBER = {8},
  PAGES = {3139--3161},
  TITLE = {Orientation Selectivity, Preference, and Continuity in Monkey Striate Cortex},
  VOLUME = {12},
}

@ARTICLE{bonhoeffer:1995,
  AUTHOR = {Bonhoeffer, T.},
  ORGANIZATION = {Society for Neuroscience},
  BOOKTITLE = {Soc. Neurosci. Abstracts},
  DATE = {1995},
  JOURNALTITLE = {Arzneimittel-Forschung},
  NUMBER = {I},
  PAGES = {351--356},
  TITLE = {Optical Imaging of Intrinsic Signals as a Tool to Visualize the Functional Architecture of Adult and Developing Visual Cortex},
  VOLUME = {45},
}

@ARTICLE{bonhoeffer:1991,
  AUTHOR = {Bonhoeffer, T. and Grinvald, Amiram},
  DATE = {1991},
  JOURNALTITLE = {Nature},
  PAGES = {429--431},
  TITLE = {Iso-orientation domains in cat visual cortex are arranged in pinwheel-like patterns},
  VOLUME = {353},
}

@ARTICLE{heggelund:1985,
  AUTHOR = {Braastad, Bjarne O. and Heggelund, Paul},
  DATE = {1985},
  JOURNALTITLE = {J. Neurophysiol.},
  PAGES = {1158--1178},
  TITLE = {Development of Spatial Receptive-Field Organization and Orientation Selectivity in Kitten Striate Cortex},
  VOLUME = {53},
}

@INCOLLECTION{braitenberg:1977,
  AUTHOR = {Braitenberg, Valentino},
  PUBLISHER = {Springer-Verlag},
  BOOKTITLE = {On the Texture of Brains},
  DATE = {1977},
  PAGES = {5--8},
  TITLE = {Physics and Antiphysics},
}

@INPROCEEDINGS{brooks:1990,
  AUTHOR = {Brooks, Rodney A.},
  LOCATION = {Cambridge, Massachusetts},
  PUBLISHER = {MIT Press},
  BOOKTITLE = {Proceedings of the First International Conference on Simulation of Adaptive Behaviour},
  DATE = {1990},
  PAGES = {434--443},
  TITLE = {Challenges for Complete Creature Architectures},
}

@ARTICLE{brown:1990,
  AUTHOR = {Brown, Thomas H. and Kairiss, Edward W. and Keenan, Claude L.},
  DATE = {1990},
  JOURNALTITLE = {Ann. Rev. Neurosci.},
  PAGES = {475--511},
  TITLE = {Hebbian Synapses: Biophysical Mechanisms and Algorithms},
  VOLUME = {13},
}

@BOOK{churchland:1992,
  AUTHOR = {Churchland, Patricia S. and Sejnowski, Terrence J.},
  LOCATION = {Cambridge, Massachusetts},
  PUBLISHER = {MIT Press},
  DATE = {1992},
  TITLE = {The Computational Brain},
}

@ARTICLE{craig:1995,
  AUTHOR = {Craig, Michael C. and Malenka, Robert C.},
  DATE = {1995},
  JOURNALTITLE = {Nature},
  PAGES = {325--328},
  TITLE = {A critical period for long-term potentiation at thalamocortical synapses},
  VOLUME = {375},
}

@ARTICLE{katz:1994,
  AUTHOR = {Dalva, Matthew B. and Katz, Lawrence C.},
  DATE = {1994},
  JOURNALTITLE = {Science},
  PAGES = {255--258},
  TITLE = {Rearrangements of Synaptic Connections in Visual Cortex Revealed by Laser Photostimulation},
  VOLUME = {265},
}

@ARTICLE{durbin:1987,
  AUTHOR = {Durbin, R. and Willshaw, D.},
  DATE = {1987},
  JOURNALTITLE = {Nature},
  PAGES = {689--691},
  TITLE = {An analogue approach to the travelling salesman problem using an elastic net method},
  VOLUME = {326},
}

@ARTICLE{durbin:1991,
  AUTHOR = {Durbin, Richard and Mitchinson, Graeme},
  DATE = {1990},
  JOURNALTITLE = {Nature},
  PAGES = {644--647},
  TITLE = {A dimension reduction framework for understanding cortical maps},
  VOLUME = {343},
}

@ARTICLE{erwin:1995,
  AUTHOR = {Erwin, E. and Obermayer, K. and Schulten, K.},
  DATE = {1995},
  JOURNALTITLE = {Neural Comp.},
  PAGES = {425--468},
  TITLE = {Models of Orientation and Ocular Dominance Columns in the Visual Cortex: A Critical Comparison},
  VOLUME = {7},
}

@ARTICLE{ferster:1978,
  AUTHOR = {Ferster, D. and LeVay, S.},
  DATE = {1978},
  JOURNALTITLE = {J. Comp. Neurol.},
  PAGES = {923--944},
  TITLE = {The axonal arborizations of lateral geniculate neurons in the striate cortex of the cat},
  VOLUME = {182},
}

@ARTICLE{fox:1994,
  AUTHOR = {Fox, Kevin and Zahs, Kathleen},
  DATE = {1994},
  JOURNALTITLE = {Current Opinion in Neurobiology},
  PAGES = {112--119},
  TITLE = {Critical period control in sensory cortex},
  VOLUME = {4},
}

@ARTICLE{fregnac:1984,
  AUTHOR = {Frégnac, Y. and Imbert, M.},
  DATE = {1984},
  JOURNALTITLE = {Physiol. Rev.},
  PAGES = {325--434},
  TITLE = {Development of neuronal selectivity in primary visual cortex of cats},
  VOLUME = {64},
}

@ARTICLE{gilbert:1993,
  AUTHOR = {Gilbert, C. D.},
  DATE = {1993},
  JOURNALTITLE = {Cerebral Cortex},
  PAGES = {373--386},
  TITLE = {Circuitry, architecture, and functional dynamics of visual cortex},
  VOLUME = {3},
}

@ARTICLE{goedecke:1996,
  AUTHOR = {Gödecke, Imke and Bonhoeffer, T.},
  DATE = {1996},
  JOURNALTITLE = {Nature},
  PAGES = {251--254},
  TITLE = {Development of identical orientation maps for two eyes without common visual experience},
  VOLUME = {379},
}

@ARTICLE{goodhill:1994,
  AUTHOR = {Goodhill, G.},
  DATE = {1994},
  JOURNALTITLE = {Neural Comp.},
  PAGES = {615--621},
  TITLE = {Elastic net model of ocular dominance: overall stripe pattern and monocular deprivation},
  VOLUME = {6},
}

@ARTICLE{goodman:1993,
  AUTHOR = {Goodman, Corey S. and Shatz, Carla J.},
  DATE = {1993},
  JOURNALTITLE = {Cell.},
  TITLE = {Developmental Mechanisms that Generate Precise Patterns of Neuronal Connectivity},
  VOLUME = {10},
}

@ARTICLE{grinvald:1991,
  AUTHOR = {Grinvald, Amiram and Frostig, Ron D. and Siegel, Ralph M. and Bartfield, Eyal},
  DATE = {1991},
  JOURNALTITLE = {Proc. Nat. Acad. Sci. (USA)},
  PAGES = {11559--11563},
  TITLE = {High-resolution optical imaging of functional brain architectures in the awake monkey},
  VOLUME = {88},
}

@BOOK{hebb:1949,
  AUTHOR = {Hebb, Donald},
  LOCATION = {New York},
  PUBLISHER = {Wiley},
  DATE = {1949},
  TITLE = {Organisation of Behaviour: A Neuropsychological Theory},
}

@THESIS{hohenstein:1994,
  AUTHOR = {Hohenstein, Renate},
  INSTITUTION = {Institut für Theoretische Physik, Johann-Wolfgang Goethe Universität},
  LOCATION = {Frankfurt am Main},
  DATE = {1994},
  TITLE = {Instabilitäten neuronaler Karten in Selbstorganisationsmodellen mit Potentialdynamik},
  TYPE = {mathesis},
}

@ARTICLE{hopfield:1982,
  AUTHOR = {Hopfield, John J.},
  DATE = {1982},
  JOURNALTITLE = {Proc. Nat. Acad. Sci. (USA)},
  PAGES = {2554--2558},
  TITLE = {Neural Networks and Physical systems with Emergent Collective Computational Abilities},
  VOLUME = {79},
}

@ARTICLE{hubel:1970,
  AUTHOR = {Hubel, D. H. and Wiesel, T. N.},
  DATE = {1970},
  JOURNALTITLE = {J. Physiol. (London)},
  PAGES = {419--436},
  TITLE = {The period of susceptibility to the physiological effects of unilateral eye closure in kittens},
  VOLUME = {206},
}

@ARTICLE{hubel:1962,
  AUTHOR = {Hubel, D. H. and Wiesel, T. N.},
  DATE = {1962},
  JOURNALTITLE = {J. Physiol. (London)},
  PAGES = {106--154},
  TITLE = {Receptive fields of single neurones in the cat's striate cortex},
  VOLUME = {160},
}

@BOOK{hubel:1989,
  AUTHOR = {Hubel, David H.},
  LOCATION = {Heidelberg},
  PUBLISHER = {Spektrum Akademischer Verlag},
  DATE = {1989},
  TITLE = {Auge und Gehirn: Neurobiologie des Sehens},
}

@ARTICLE{jones:1991,
  AUTHOR = {Jones, David G. and van Sluyters, Richard C. and Murphy, Kathryn M.},
  DATE = {1991},
  JOURNALTITLE = {J. Neurosci.},
  NUMBER = {8},
  PAGES = {3794--3808},
  TITLE = {A Computational Model for the Overall Pattern of Ocular Dominance},
  VOLUME = {11},
}

@ARTICLE{kelso:1986,
  AUTHOR = {Kelso, S. R. and Ganong, A. H. and Brown, T. H.},
  DATE = {1986},
  JOURNALTITLE = {Proc. Nat. Acad. Sci. (USA)},
  PAGES = {5326--5330},
  TITLE = {Hebbian Synapses in Hippocampus},
  VOLUME = {83},
}

@ARTICLE{kirkwood:1994,
  AUTHOR = {Kirkwood, Alfredo and Bear, Mark F.},
  DATE = {1994-03},
  JOURNALTITLE = {J. Neurosci.},
  PAGES = {1634--1645},
  TITLE = {Hebbian Synapses in Visual Cortex},
  VOLUME = {14},
}

@ARTICLE{kohonen:1982,
  AUTHOR = {Kohonen, Teuvo},
  DATE = {1982},
  JOURNALTITLE = {Biol. Cybernetics},
  PAGES = {59--69},
  TITLE = {Self-organized Formation of Topologically Correct Feature Maps},
  VOLUME = {43},
}

@ARTICLE{levayetal:1985,
  AUTHOR = {LeVay, S. and Connolly, D. H. and Houde, J. and Essen, D. C. Van},
  DATE = {1985},
  JOURNALTITLE = {J. Neurosci.},
  PAGES = {486--501},
  TITLE = {The complete pattern of ocular dominance stripes in the striate cortex and visual field of the macaque monkey},
  VOLUME = {5},
}

@INCOLLECTION{levay:1979,
  AUTHOR = {LeVay, S. and Stryker, M. P.},
  EDITOR = {Ferrendelli, J. A.},
  LOCATION = {Bethesda},
  PUBLISHER = {Society for Neurosci.},
  BOOKTITLE = {Aspects of Developmental Neurobiology},
  DATE = {1979},
  PAGES = {83--98},
  TITLE = {The development of ocular dominance columns in the cat},
}

@ARTICLE{levay:1980,
  AUTHOR = {LeVay, Simon and Wiesel, Torsten N. and Hubel, David H.},
  DATE = {1980},
  JOURNALTITLE = {J. Comp. Neurol.},
  PAGES = {1--15},
  TITLE = {The development of ocular dominance columns in normal and deprived monkeys},
  VOLUME = {191},
}

@ARTICLE{loeweletal:1988,
  AUTHOR = {Leutenecker, B. and Löwel, Siegrid and Bischof, H. J. and Singer, Wolf},
  DATE = {1988},
  JOURNALTITLE = {Exp. Brain Res.},
  PAGES = {33--46},
  TITLE = {Topographic relations between ocular dominance and orientation columns in the cat visual cortex},
  VOLUME = {71},
}

@ARTICLE{lieke:1989,
  AUTHOR = {Lieke, Edmund and Frostig, Ron D. and Aieli, Amos and Tso, Daniel Y. and Hildesheimer, Rina and Grinvald, Amiram},
  DATE = {1989},
  JOURNALTITLE = {Ann. Rev. Physiol.},
  PAGES = {543--549},
  TITLE = {Optical Imaging of Cortical Activity: Real-time imaging using extrinsic dye-signals and high resolution imaging based on slow intrinsic-signals},
  VOLUME = {51},
}

@ARTICLE{linsker:1986,
  AUTHOR = {Linsker, R.},
  DATE = {1986},
  JOURNALTITLE = {Proc. Nat. Acad. Sci. (USA)},
  PAGES = {8390--8394},
  TITLE = {From basic network principles to neural architekture: Emergence of orientation-selective cells},
  VOLUME = {83},
}

@ARTICLE{loewel:1988,
  AUTHOR = {Löwel, S. and Bischof, H.-J. and Leutenecker, B. and Singer, W.},
  DATE = {1988},
  JOURNALTITLE = {Exp. Brain Res.},
  PAGES = {33--46},
  TITLE = {Topographic relations between ocular dominance and orientation columns in the cat striate cortex},
  VOLUME = {71},
}

@ARTICLE{loewel:1994,
  AUTHOR = {Löwel, Siegrid},
  DATE = {1994},
  JOURNALTITLE = {J. Neurosci.},
  PAGES = {7451--7468},
  TITLE = {Ocular Dominance Column Development: Strabismus Changes the Spacing of Adjacent Columns in Cat Visual Cortex},
  VOLUME = {14},
}

@ARTICLE{loeweletal:1987,
  AUTHOR = {Löwel, Siegrid and Freeman, B. and Singer, Wolf},
  DATE = {1987},
  JOURNALTITLE = {J. Comp. Neurol.},
  PAGES = {401--415},
  TITLE = {Topographic organization of the orientation column system in large flat-mounts of the cat visual cortex: {A} 2-deoxyglucose study},
  VOLUME = {255},
}

@UNPUBLISHED{loewel:1996,
  AUTHOR = {Löwel, Siegrid and Schmidt, Kerstin and Kim, Dae Sae and Singer, Wolf and Bonhoeffer, T.},
  DATE = {1996},
  NOTE = {in Vorbereitung},
  TITLE = {The layout of orientation- and ocular dominance domains in area 17 of strabismic cats},
}

@ARTICLE{loewel:1987,
  AUTHOR = {Löwel, Siegrid and Singer, W.},
  DATE = {1987},
  JOURNALTITLE = {Exp. Brain Res.},
  PAGES = {661--666},
  TITLE = {The pattern of ocular dominance columns in flat-mounts of the cat visual cortex},
  VOLUME = {68},
}

@ARTICLE{loewel:1990,
  AUTHOR = {Löwel, Siegrid and Singer, Wolf},
  DATE = {1990},
  JOURNALTITLE = {Dev. Brain Res.},
  PAGES = {99--116},
  TITLE = {Tangential intracortical pathways and the development of iso-orientation bands in cat striate cortex},
  VOLUME = {56},
}

@ARTICLE{lund:1987,
  AUTHOR = {Lund, J. S.},
  DATE = {1987},
  JOURNALTITLE = {J. Comp. Neurol.},
  PAGES = {60--92},
  TITLE = {Local Circuit Neurons of Macaque Monkey Striate Cortex: {I.} neurons of laminae {4C} and {5A}},
  VOLUME = {257},
}

@ARTICLE{lund:1993,
  AUTHOR = {Lund, J. S. and Yoshioka, T. and Levitt, J.},
  DATE = {1993},
  JOURNALTITLE = {Cerebral Cortex},
  PAGES = {148--162},
  TITLE = {Comparison of Intrinsic Connectivity in Different Areas of Macaque Monkey Cerebral Cortex},
  VOLUME = {3},
}

@BOOK{manneville:1990,
  AUTHOR = {Manneville, Paul},
  PUBLISHER = {Academic Press, Inc.},
  DATE = {1990},
  SERIES = {Perspectives in Physics},
  TITLE = {Dissipative Structures and Weak Turbulence},
}

@ARTICLE{marlsburg:1973,
  AUTHOR = {van der Marlsburg, Christian},
  DATE = {1973},
  JOURNALTITLE = {Kybernetik},
  PAGES = {85--100},
  TITLE = {Self-Organization of Orientation Sensititve Cells in the Striate Cortex},
  VOLUME = {14},
}

@ARTICLE{marlsburg:1976,
  AUTHOR = {van der Marlsburg, Christian and Willshaw, D. J.},
  DATE = {1976},
  JOURNALTITLE = {Exp. Brain Res.},
  PAGES = {463--469},
  TITLE = {A mechanism for producing continuous neuronal mappings: Ocularity dominance stripes and retino-tectal projections},
  VOLUME = {1},
}

@ARTICLE{martin:1995,
  AUTHOR = {Martin, Robert D.},
  DATE = {1995},
  JOURNALTITLE = {Spektrum der Wissenschaft},
  PAGES = {48--55},
  TITLE = {Hirngrösse und menschliche Evolution},
  VOLUME = {9},
}

@BOOK{meadows:1993,
  AUTHOR = {Meadows, Donella H. and Meadows, Dennis L. and Randers, Jorgen},
  PUBLISHER = {Chelsea Green Pub. Co},
  DATE = {1993},
  TITLE = {Beyond the Limits: Confronting Global Collapse, Envisioning a Sustainable Future},
}

@ARTICLE{miller:1994,
  AUTHOR = {Miller, Kenneth D.},
  DATE = {1994},
  JOURNALTITLE = {J. Neurosci.},
  NUMBER = {1},
  PAGES = {409--441},
  TITLE = {A Model for the Development of Simple Cell Receptive Fields and the Ordered Arrangement of Orientation Columns through Activity-dependent Competition between {ON-} and {OFF-Center} Inputs},
  VOLUME = {14},
}

@INCOLLECTION{miller:1995,
  AUTHOR = {Miller, Kenneth D.},
  EDITOR = {van Hemmen, E. Domany J. L. and Schulten, K.},
  LOCATION = {New York},
  PUBLISHER = {Springer-Verlag},
  BOOKTITLE = {Models of Neural Networks III},
  DATE = {1995},
  TITLE = {Receptive Fields and Maps in the Visual Cortex: Models of Ocular Dominance and Orientation Columns},
}

@ARTICLE{movshon:1981,
  AUTHOR = {Movshon, J. A. and Sluyters, R. C. Van},
  DATE = {1981},
  JOURNALTITLE = {Ann. Rev. Psychol.},
  PAGES = {477--522},
  TITLE = {Visual neural development},
  VOLUME = {32},
}

@ARTICLE{oby:1993b,
  AUTHOR = {Obermayer, K. and Blasdel, G. G.},
  DATE = {1993},
  JOURNALTITLE = {J. Neurosci.},
  PAGES = {4114--4129},
  TITLE = {Geometry of Orientation and Ocular Dominance Columns in Monkey Striate Cortex},
  VOLUME = {13},
}

@ARTICLE{oby:1992c,
  AUTHOR = {Obermayer, K. and Blasdel, G. G. and Schulten, K.},
  DATE = {1992},
  JOURNALTITLE = {Phys. Rev. A},
  PAGES = {7568--7589},
  TITLE = {A Statistical Mechanical Analysis of Self-Organization and Pattern Formation during the Development of Visual Maps},
  VOLUME = {45},
}

@ARTICLE{penrose:1979,
  AUTHOR = {Penrose, Roger},
  DATE = {1979},
  JOURNALTITLE = {Ann. Hum. Genet. (London)},
  PAGES = {435--444},
  TITLE = {The topology of ridge systems},
  VOLUME = {42},
}

@INCOLLECTION{pettigrew:1978,
  AUTHOR = {Pettigrew, John D.},
  EDITOR = {Cotman, Carl W.},
  LOCATION = {NY},
  PUBLISHER = {Raven Press},
  BOOKTITLE = {Neuronal Plasticity},
  DATE = {1978},
  JOURNALTITLE = {J. Physiol.},
  PAGES = {311--330},
  TITLE = {The Paradox of the Critical Period for Striate Cortex},
}

@INCOLLECTION{rakic:1981,
  AUTHOR = {Rakic, Pasko},
  EDITOR = {et al., Schmidt},
  PUBLISHER = {MIT Press},
  BOOKTITLE = {The Organization of the Cerebral Cortex},
  DATE = {1981},
  PAGES = {7--28},
  TITLE = {Developmental events leading to laminar and areal organization of the neocortex},
}

@THESIS{riesenhuber:1995,
  AUTHOR = {Riesenhuber, Maximilian},
  INSTITUTION = {Institut für Theoretische Physik, Johann-Wolfgang Goethe Universitä},
  LOCATION = {Frankfurt am Main},
  DATE = {1995},
  TITLE = {Strukturbildung in hochdimensionalen neuronalen Karten},
  TYPE = {mathesis},
}

@ARTICLE{ritter:1986,
  AUTHOR = {Rittern, Helge and Schulten, Klaus},
  DATE = {1986},
  JOURNALTITLE = {Biol. Cybern.},
  PAGES = {99--106},
  TITLE = {On the Stationary State of Kohonen's Self-Organizing Sensory Mapping},
  VOLUME = {54},
}

@ARTICLE{ritter:1988,
  AUTHOR = {Rittern, Helge and Schulten, Klaus},
  DATE = {1988},
  JOURNALTITLE = {Biol. Cybern.},
  PAGES = {59--71},
  TITLE = {Convergence Properties of Kohonen's Topology Conserving Maps: Fluctuations, Stability, and Dimension Selection},
  VOLUME = {60},
}

@THESIS{scherf:1994,
  AUTHOR = {Scherf, Olaf},
  INSTITUTION = {Institut für Theoretische Physik, Johann-Wolfgang Goethe Universität},
  LOCATION = {Frankfurt am Main},
  DATE = {1994},
  TITLE = {Strukturbildung im {K} ortex},
  TYPE = {mathesis},
}

@ARTICLE{shatz:1978,
  AUTHOR = {Shatz, C. J. and Stryker, M. P.},
  DATE = {1978},
  JOURNALTITLE = {J. Physiol. (London)},
  PAGES = {267--283},
  TITLE = {Ocular dominance in layer {IV} of the cat's visual cortex and the effects of monocular deprivation},
  VOLUME = {281},
}

@ARTICLE{swindale:1980,
  AUTHOR = {Swindale, N. V.},
  DATE = {1980},
  JOURNALTITLE = {Proc R Soc Lond B},
  PAGES = {243--264},
  TITLE = {A model for the formation of ocular dominance stripes},
  VOLUME = {208},
}

@ARTICLE{swindale:1981,
  AUTHOR = {Swindale, N. V.},
  DATE = {1981},
  JOURNALTITLE = {Nature},
  PAGES = {509--510},
  TITLE = {Patches in monkey visual cortex},
  VOLUME = {293},
}

@ARTICLE{swindale:1982,
  AUTHOR = {Swindale, N. V.},
  DATE = {1982},
  JOURNALTITLE = {Proc R Soc Lond B},
  PAGES = {211--230},
  TITLE = {A model for the formation of orientation columns},
  VOLUME = {215},
}

@ARTICLE{swindale:1988,
  AUTHOR = {Swindale, N. V.},
  DATE = {1988},
  JOURNALTITLE = {J. Comp. Neurol.},
  PAGES = {472--488},
  TITLE = {Role of visual experience in promoting segregation of eye dominance patches in the visual cortex of the cat},
  VOLUME = {267},
}

@ARTICLE{swindale:1992,
  AUTHOR = {Swindale, N. V.},
  DATE = {1992},
  JOURNALTITLE = {Biol. Cybern.},
  PAGES = {217--230},
  TITLE = {A model for the coordinated development of columnar systems in primate striate cortex},
  VOLUME = {66},
}

@ARTICLE{swindale:1992a,
  AUTHOR = {Swindale, N. V.},
  DATE = {1992},
  JOURNALTITLE = {Biol. Cybern.},
  TITLE = {Coverage and the design of striate cortex},
}

@ARTICLE{swindale:1992b,
  AUTHOR = {Swindale, N. V.},
  DATE = {1992},
  JOURNALTITLE = {Current Biology},
  NUMBER = {8},
  PAGES = {429--431},
  TITLE = {Elastic Nets, Travelling Salesmen and Cortical Maps},
  VOLUME = {2},
}

@ARTICLE{swindale:1987,
  AUTHOR = {Swindale, N. V. and Matsubara, J. A. and Cynander, M. S.},
  DATE = {1987},
  JOURNALTITLE = {J. Neurosci.},
  PAGES = {1414--1427},
  TITLE = {Surface organization of orientation and direction selectivity in cat area 18},
  VOLUME = {7},
}

@ARTICLE{wiesel:1974,
  AUTHOR = {Wiesel, Torsten N. and Hubel, David H.},
  DATE = {1974},
  JOURNALTITLE = {J. Comp. Neurol.},
  PAGES = {307--318},
  TITLE = {Ordered arrangement of orientation columns in monkeys lacking visual experience},
  VOLUME = {158},
}

@ARTICLE{willshaw:1976,
  AUTHOR = {Willshaw, D. J. and von der Marlsburg, Christian},
  DATE = {1976},
  JOURNALTITLE = {Proc R Soc London B},
  PAGES = {431--445},
  TITLE = {How Patterned Neural Connections can be set up by Self-Organisation},
  VOLUME = {194},
}

@THESIS{wolf:1992,
  AUTHOR = {Wolf, Fred},
  INSTITUTION = {Institut für Theoretische Physik, Johann-Wolfgang Goethe Universitä},
  LOCATION = {Frankfurt am Main},
  DATE = {1992},
  TITLE = {Neuronale Strukturdynamik in variabler Geometrie},
  TYPE = {mathesis},
}

@UNPUBLISHED{wolf:1996,
  AUTHOR = {Wolf, Fred and Geisel, Theo},
  DATE = {1996},
  NOTE = {in Vorbereitung},
  TITLE = {Spontaneous pinwheel-annihilation during visual development},
}

