@String{KLUWER = "Kluwer Academic Publishers"}@String{KLUWER = "Kluwer Academic Publishers"}@book{bauer90,   author    = {H.--U. Bauer},   title     = {Nichtlineare Dynamik r{\"u}ckgekoppelter Neuronaler Netze},   year      = {1990},   publisher = {Harri Deutsch Verlag},   address   = {Frankfurt},   note      = {Dissertation, Universit{\"a}t Frankfurt}}@inproceedings{bauer91,   author    = {H.--U. Bauer},   editor    = {T. Kohonen et al.},   title     = {Speech Recognition Experiments with Feedback Multilayer Perceptrons},   booktitle = {Artificial Neural Networks (Proc. of ICANN 1991 Helsinki)},   pages     = {789},   year      = {1991},   publisher = {Elsevier},   volume    = {I}}@inproceedings{bauer94,   author    = {H.--U. Bauer},   editor    = {M. Marinaro and P. G. Morasso},   title     = {Oriented Ocular Domincance Bands in Self--Organizing Feature Map},   booktitle = {Proc. ICANN 94},   pages     = {42},   year      = {1994},   publisher = {Springer},   postscript = {papers/bauer94.ps.gz}}@inproceedings{bauer94a,   author    = {H.--U. Bauer},   editor    = {M. Marinaro and P. G. Morasso},   title     = {Towards the Application of Networks with Synchronized Oscillatory Dynamics in Vision},   booktitle = {Proc. ICANN 94},   pages     = {763},   year      = {1994},   publisher = {Springer}}@unpublished{bauer95,   author    = {H.--U. Bauer},   title     = {Development of Oriented Ocular Domincance Bands as a Consequence of Areal Geometry},   year      = {1995},   note      = {im Druck bei Neural Computation},   postscript = {papers/bauer95.ps.gz}}@article{bauer95b,   author    = {H.--U. Bauer},   title     = {Development of Oriented Ocular Dominance Bands as a Consequence of Areal Geometry},   journal   = {Neural Computation},   pages     = {36--50},   year      = {1995},   postscript = {papers/bauer95c.ps.gz}}@unpublished{bauer94f,   author    = {H.--U. Bauer and J. Braun},   title     = {Is there parallel binding of distributed objects},   year      = {1994},   note      = {ZIF--Preprint, Bielefeld}}@article{bauer91a,   author    = {H.--U. Bauer and J. Deppisch and T. Geisel},   title     = {Hierarchical Training of Neural Networks and Prediction of Chaotic Time Series},   journal   = {Phys. Lett. A},   pages     = {57},   year      = {1991},   volume    = {158}}@unpublished{bauer95d,   author    = {H.--U. Bauer and R. Der and M. Herrmann},   title     = {Controling the Magnification Factor of Self--Organizing Feature Maps},   year      = {1995},   note      = {eingereicht bei Neural Comp.},   postscript = {papers/bauer95d.ps.gz}}@inproceedings{bauer88,   author    = {H.--U. Bauer and T. Geisel},   editor    = {L. Personnaz and G. Dreyfus},   title     = {Dynamical Analysis of Temporal Sequences in Information Processing Networks},   booktitle = {Neural Networks from Models to Applications (Proc. of nEuro 88)},   pages     = {299},   year      = {1988},   publisher = {IDSET},   address   = {Paris},   editors   = {L. Personnaz and G. Dreyfus}}@article{bauer89,   author    = {H.--U. Bauer and T. Geisel},   title     = {Motion Detection and Direction Detection in Local Neural Nets {I}},   journal   = {Int. J. Neur. Sys.},   pages     = {187},   year      = {1989},   volume    = {1}}@article{bauer90a,   author    = {H.--U. Bauer and T. Geisel},   title     = {Feedback Multilayer Perceptrons for Time--Warping Invariant Signal Processing},   journal   = {Phys. Rev. A},   pages     = {2401},   year      = {1990},   volume    = {42}}@inproceedings{bauer90b,   author    = {H.--U. Bauer and T. Geisel},   editor    = {IEEE and INNS},   title     = {Coarticulation Invariance in Feedback Multilayer Perceptrons},   booktitle = {Proceedings of the International Neural Network Conference},   pages     = {1014},   year      = {1990},   publisher = KLUWER}@inproceedings{bauer90c,   author    = {H.--U. Bauer and T. Geisel},   editor    = {R. Eckmiller},   title     = {Sequence Analysis in Feedback Multilayer Perceptrons},   booktitle = {Paralell Processing in Neural Systems and Computers (Proc. of ICNC 90)},   pages     = {375},   year      = {1990},   publisher = {Elsevier},   editors   = {R. Eckmiller}}@inproceedings{bauer90d,   author    = {H.--U. Bauer and T. Geisel},   editor    = {IEEE},   title     = {Dynamics of Signal Processing in Feedback Multilayer Perceptrons},   booktitle = {Proceedings of IJCNN 90 San Diego},   pages     = {131},   year      = {1990},   volume    = {III}}@article{bauer94b,   author    = {H.--U. Bauer and T. Geisel},   title     = {Fast Image Segmentation in Networks with Synchronized Dynamics},   journal   = {IEEE Trans. Neur. Netw.},   year      = {1994}}@inproceedings{bauer94c,   author    = {H.--U. Bauer and T. Geisel and K. Pawelzik and F. Wolf},   editor    = {J.--P. Nadal and P. Grassberger},   title     = {The Formation of Representations in the Visual Cortex},   booktitle = {From Statistical Physics to Statistical Inference and Back},   pages     = {249},   year      = {1994},   publisher = KLUWER,   editors   = {J.P. Nadal and P. Grassberger}}@unpublished{bauer95e,   author    = {H.--U. Bauer and M. Herrmann and R. Der},   title     = {Optimal Vector Quantization in Self--Organizing Feature Maps},   year      = {1995},   note      = {eingereicht zur NIPS 95, Denver}}@article{bauer92,   author    = {H.--U. Bauer and K. Pawelzik},   title     = {Quantifying the Neighborhood Preservation of Self--Organizing Feature Maps},   journal   = {IEEE Trans. Neur. Netw.},   pages     = {570},   year      = {1992},   volume    = {3},   number    = {4}}@article{bauer93,   author    = {H.--U. Bauer and K. Pawelzik},   title     = {Alternating Oscillatory and Stochastic Dynamics in a Model for a Neuronal Assembly},   journal   = {Physica D},   pages     = {380},   year      = {1993},   volume    = {69}}@inproceedings{bauer92a,   author    = {H.--U. Bauer and K. Pawelzik and T. Geisel},   editor    = {J. Moody et al.},   title     = {A Topographic Product for the Optimization of Self--Organizing Feature Maps},   booktitle = {Neural Information Processing Systems},   pages     = {1141},   year      = {1992},   publisher = {Morgan Kauffman},   editors   = {J. Moody et al.}}@inproceedings{bauer93a,   author    = {H.--U. Bauer and K. Pawelzik and T. Geisel},   editor    = {B. Kappen and S. Gielen},   title     = {Emergence of Transient Oscillations in an Ensemble of Neurons},   booktitle = {Proceedings of the International Conference on Artificial Neural Networks},   organization = {ICANN},   pages     = {136},   year      = {1993},   publisher = {Elsevier},   editors   = {B. Kappen and S. Gielen}}@article{bauer94e,   author    = {H.--U. Bauer and K. Pawelzik and F. Wolf and and T. Geisel},   title     = {Physik im Hirn: Neuronale Netze lernen sehen},   journal   = {Forschung Frankfurt},   pages     = {16},   year      = {1994},   volume    = {1}}@article{bauer88a,   author    = {H.--U. Bauer and K. Schulten and W. Nadler},   title     = {Generalized Moment Expansion of Dynamic Correlation Functions in Finite Ising Systems},   journal   = {Phys. Rev. B},   pages     = {445},   year      = {1988},   volume    = {38},   number    = {1}}@inproceedings{bauer95a,   author    = {H.--U. Bauer and Th. Villmann},   title     = {A Growth Algorithm for Hypercubical Output Spaces in Self--Organizing Feature Maps},   booktitle = {ICANN95: Proceedings of the International Conference on Artificial Neural Networks},   pages     = {????},   year      = {1995},   publisher = {EC2 \& Cie},   address   = {Paris},   volume    = {I},   postscript = {papers/bauer95a.ps.gz}}@unpublished{bauer95c,   author    = {H.--U. Bauer and Th. Villmann},   title     = {Growing a Hypercubical Output Space in a Self--Organizing Feature Map},   year      = {1995},   note      = {eingereicht bei IEEE TNN},   postscript = {papers/bauer95c.ps.gz}}@article{bauer94d,   author    = {H.--U. Bauer and F. Wolf and T. Geisel},   title     = {Formation of Field Discontinuities and Islands in Visual Cortical Maps},   journal   = {Biol. Cyb.},   pages     = {525},   year      = {1994},   volume    = {70}}@article{braun93,   author    = {J. Braun and H.--U. Bauer},   title     = {Attentive Processing of Two Overlapping Glass Patterns},   journal   = {Invest. Ophth. Vis. Sci.},   year      = {1993},   volume    = {34},   number    = {4}}@inproceedings{deppisch90,   author    = {J. Deppisch and H.--U. Bauer and T. Geisel},   title     = {Hierarchical Architectures for Optimized Training},   booktitle = {Proceedings of the International Neural Network Conference},   pages     = {793},   year      = {1990},   publisher = KLUWER}@article{deppisch91a,   author    = {J. Deppisch and H.--U. Bauer and T. Geisel},   title     = {Hierarchical Training of Neural Networks and Prediction of Chaotic Time Series},   journal   = {Phys. Lett. A},   pages     = {57},   year      = {1991},   volume    = {158},   editors   = {V. R. Vemuri and R. D. Rogers},   booktitle = {Artificial Neural Networks: Forecasting Time Series},   publisher = {?????}}@inbook{deppisch93,   author    = {J. Deppisch and H.--U. Bauer and and T. Geisel},   editor    = {V. R. Vemuri und R. D. Rogers},   title     = {Artificial Neural Networks: Forecasting Time Series},   chapter   = {Hierarchical Training of Neural Networks and Prediction of Chaotic Time Series},   pages     = {66},   year      = {1993},   publisher = {IEEE Computer Society Press},   note      = {unver{\"a}nderter Nachdruck eines Artikels aus Phys. Lett. A 158, 57 (1991)}}@article{deppisch93b,   author    = {J. Deppisch and H.--U. Bauer and T. Schillen and P. K{\"o}nig and K. Pawelzik and and T. Geisel},   title     = {Alternating Osscillatory and Stochastic States in a Network of Spiking Neurons},   journal   = {Network},   pages     = {243},   year      = {1993},   volume    = {4}}@inproceedings{deppisch92,   author    = {J. Deppisch and H.--U. Bauer and T. Schillen and Peter K{\"o}nig and K. Pawelzik and T. Geisel},   editor    = {I. Aleksander and J. Taylor},   title     = {Stochastic and Oscillatory Burst Activity in a Model of Spiking Neurons},   booktitle = {Proceedings of the International Conference on Artificial Neural Networks},   pages     = {921},   year      = {1992},   publisher = {Elsevier},   address   = {London},   editors   = {I. Aleksander and J. Taylor}}@inproceedings{deppisch92a,   author    = {J. Deppisch and H.--U. Bauer and T. Schillen and Peter K{\"o}nig and K. Pawelzik and T. Geisel},   editor    = {N. Elsner},   title     = {Transient Periodicity in a Neuronal Pool},   booktitle = {Rhythmogenesis in Neurons and Networks},   pages     = {418},   year      = {1992},   publisher = {Thieme},   address   = {Stuttgart},   editors   = {N. Elsner}}@inproceedings{ernst94,   author    = {U. Ernst and K. Pawelzik and T. Geisel},   title     = {Multiple Phase Clustering of Globally Pulse Coupled Neurons with Delay},   booktitle = {Proceedings of the International Conference on Artificial Neural Networks},   organization = {ICANN},   pages     = {1063},   year      = {1994},   publisher = {Springer},   address   = {Berlin},   editors   = {M. Marinaro and P.G. Morasso}}@inproceedings{ernst95,   author    = {U. Ernst and K. Pawelzik and T. Geisel},   title     = {Multistable Feature Binding with Noisy Integrate--and--Fire Neurons},   booktitle = {Proceedings of the International Conference on Artificial Neural Networks},   organization = {ICANN},   pages     = {549--554},   year      = {1995},   publisher = {EC2 \& Cie},   address   = {Paris},   volume    = {I}}@article{ernst95a,   author    = {U. Ernst and K. Pawelzik and and T. Geisel},   title     = {Synchronization Induced by Temporal Delays in Pulse--Coupled Oscillators},   journal   = {Phys. Rev. Lett.},   pages     = {1570},   year      = {1995},   volume    = {74}}@article{geisel90a,   author    = {T. Geisel and H.--U. Bauer},   title     = {Feedback Multilayer Perceptrons for Time--Warping Invariant Signal Processing},   journal   = {Phys. Rev. A},   pages     = {2401},   year      = {1990},   volume    = {42}}@inproceedings{herrmann94,   author    = {M. Herrmann and H.--U. Bauer and R. Der},   editor    = {L.S. Smith and P.J.B. Hancock},   title     = {The "Perceptual Magnet" effect: a model based on self-organizing feature maps},   booktitle = {Proc. 3rd. Neural Computation and Psychology Workshop},   pages     = {107--116},   year      = {1994},   publisher = {Springer},   address   = {Stirling, GB},   postscript = {papers/herrmann94.ps.gz}}@inproceedings{herrmann95,   author    = {M. Herrmann and H.--U. Bauer and R. Der},   title     = {Optimal Magnification Factor in Self--Organizing Feature Maps},   booktitle = {ICANN95: Proceedings of the International Conference on Artificial Neural Networks},   pages     = {????},   year      = {1995},   publisher = {EC2 \& Cie},   address   = {Paris},   volume    = {I},   postscript = {papers/herrmann95.ps.gz}}@inproceedings{hoffsuemmer95a,   author    = {F. Hoffs{\"u}mmer and F. Wolf and T. Geisel and S. L{\"o}wel and K. Schmidt},   title     = {Sequential bifurcation of orientation-- and ocular dominance maps},   booktitle = {ICANN95: Proceedings of the International Conference on Artificial Neural Networks},   pages     = {535--540},   year      = {1995},   publisher = {EC2 \& Cie},   address   = {Paris},   volume    = {I},   postscript = {papers/hoffsuemmer95a.ps.gz}}@unpublished{hoffsuemmer96,   author    = {F. Hoffs{\"u}mmer and F. Wolf and T. Geisel and S. L{\"o}wel and K. Schmidt},   title     = {Sequential bifurcation and dynamic rearragnement of columnar patterns during cortical development},   year      = {1996},   note      = {to appear in Jim Bower, editor, "Computation and Neural Systems"},   postscript = {papers/hoffsuemmer96.ps.gz},   editor    = {Jim Bower},   booktitle = {Computation and Neural Systems},   publisher = KLUWER,   address   = {Boston}}@inproceedings{hoffsuemmer95,   author    = {F. Hoffs{\"u}mmer and F. Wolf and T. Geisel and K. Schmidt and S. L{\"o}wel},   editor    = {Norbert Elsner and Randolf Menzel},   title     = {Sequential Emergence of Orientation-- and Ocular Dominance Maps},   booktitle = {Learning and Memory, Proceedings of the 23rd G{\"o}ttingen Neurobiology Conference 1995},   pages     = {97},   year      = {1995},   publisher = {Thieme},   address   = {Stuttgart},   volume    = {I}}@book{pawelzik90a,   author    = {K. Pawelzik},   title     = {Nichtlineare Dynamik und Hirnaktivit{\"a}t},   year      = {1990},   publisher = {Harri Deutsch Verlag},   address   = {Frankfurt},   note      = {Dissertation, Universit{\"a}t Frankfurt}}@inbook{pawelzik92,   author    = {K. Pawelzik and H.--U. Bauer},   editor    = {M. Lang D. Kr{\"o}nig},   title     = {Physik und Informatik--Informatik und Physik},   chapter   = {Topologieerhaltung und Dimensionsbestimmung: Methoden der nichtlinearen Dynamik in Neuroinformatik und Spracherkennung},   pages     = {146},   year      = {1992},   publisher = {Springer},   series    = {Informatik Fachberichte}}@inproceedings{pawelzik93,   author    = {K. Pawelzik and H.--U. Bauer and Joseph Deppisch and T. Geisel},   editor    = {S. Hanson et al.},   title     = {How Oscillatory Neuronal Responses Reflect Bistability and Switching of the Hidden Assembly Dynamics},   booktitle = {Neural Information Processing Systems},   pages     = {977},   year      = {1993},   publisher = {Morgan Kauffman},   editors   = {S. Hanson et al.}}@inproceedings{pawelzik92a,   author    = {K. Pawelzik and H.--U. Bauer and T. Geisel},   title     = {Alternating Predictable and Unpredictable States in Data from Cat Visual Cortex},   booktitle = {Computation and Neural Systems},   pages     = {487},   year      = {1992},   publisher = KLUWER,   editors   = {J. Bower and F. Eeckman}}@article{pawelzik95,   author    = {K. Pawelzik and U. Ernst and T. Geisel},   title     = {Synchronization Induced by Temporal Delays in Pulse--Coupled Oscillators},   journal   = {Phys. Rev. Lett.},   pages     = {1570},   year      = {1995},   volume    = {74}}@inproceedings{pawelzik94,   author    = {K. Pawelzik and F. Wolf and J. Deppisch and T. Geisel},   editor    = {F. H. Eeckman},   title     = {Network Dynamics and Correlated Spikes},   booktitle = {Computation in Neurons and Neural Systems},   pages     = {103--107},   year      = {1994},   publisher = KLUWER,   address   = {Boston},   editors   = {F.H. Eeckman}}@inproceedings{pawelzik93a,   author    = {K. Pawelzik and F. Wolf and T. Geisel and D. S. Kim and Tobias Bonhoeffer},   editor    = {N. Elsner and M. Heisenberg},   title     = {Map Structure from Pinwheel Position},   booktitle = {Gene -- Brain -- Behaviour},   pages     = {436},   year      = {1993},   publisher = {Thieme},   address   = {Stuttgart},   bootitle  = {Gene -- Brain -- Behaviour},   editors   = {N. Elsner and M. Heisenberg}}@inproceedings{riesenhuber95,   author    = {M. Riesenhuber and H.--U. Bauer and T. Geisel},   title     = {Beyond Feature Map Models: Analyzing the Emergence of Ocular Dominance and Orientation Columns in High--Dimensional Self--Organizing Maps},   booktitle = {Learning and Memory, Proceedings of the 23rd G{\"o}ttingen Neurobiology Conference 1995},   pages     = {95},   year      = {1995},   publisher = {Thieme},   address   = {Stuttgart},   volume    = {I},   editors   = {Norbert Elsner and Randolf Menzel}}@inproceedings{scherf95,   author    = {O. Scherf and K. Pawelzik and T. Geisel},   title     = {From Elastic Net to {SOFM}: The Energy Function of the Convolution Model},   booktitle = {Proceedings of the International Conference on Artificial Neural Networks},   organization = {ICANN},   pages     = {39--43},   year      = {1995},   publisher = {EC2 \& Cie},   address   = {Paris},   volume    = {II}}@inproceedings{scherf94,   author    = {O. Scherf and K. Pawelzik and F. Wolf and T. Geisel},   editor    = {M. Marinaro and P. G. Morasso},   title     = {Unification of Complementary Feature Map Models},   booktitle = {Proceedings of the International Conference on Artificial Neural Networks},   organization = {ICANN},   pages     = {338},   year      = {1994},   publisher = {Springer},   address   = {Berlin},   editors   = {M. Marinaro and P.G. Morasso}}@inproceedings{scherf95a,   author    = {O. Scherf and K. Pawelzik and F. Wolf and T. Geisel},   editor    = {N. Elsner and R. Menzel},   title     = {Correlation Dependence of Ocular Dominance Patterns Requires Receptive Field Shrinkage During Development},   booktitle = {Learning and Memory, Proceedings of the 23rd G{\"o}ttingen Neurobiology Conference 1995},   pages     = {94},   year      = {1995},   publisher = {Thieme},   address   = {Stuttgart},   volume    = {I},   editors   = {Norbert Elsner and Randolf Menzel}}@inproceedings{scherf94a,   author    = {O. Scherf and K. Pawelzik and F. Wolf and T. Geisel and S. L{\"o}wel},   editor    = {N. Elsner and H. Breer},   title     = {A simple method for determining the typical periodicity length of ocular dominance patterns},   booktitle = {G{\"o}ttingen Neurobiology Report 1994},   pages     = {510},   year      = {1994},   publisher = {Thieme},   address   = {Stuttgart},   editors   = {N. Elsner and H. Breer}}@inproceedings{wolf91,   author    = {F. Wolf and H.--U. Bauer and T. Geisel},   editor    = {N. Elsner and H. Penzlin},   title     = {Field Discontinuities in the Kohonen Model for Retinotopic Mappings},   booktitle = {Synapse -- Transmission -- Modulation},   pages     = {588},   year      = {1991},   publisher = {Thieme},   address   = {Stuttgart},   editors   = {N. Elsner and H. Penzlin}}@inproceedings{wolf92,   author    = {F. Wolf and H.--U. Bauer and T. Geisel},   editor    = {N. Elsner},   title     = {Variability of Islands in Cat Visual Cortex Explained by Multistable Developmental Dynamics},   booktitle = {Rhythmogenesis in Neurons and Networks},   pages     = {354},   year      = {1992},   publisher = {Thieme},   address   = {Stuttgart},   editors   = {N. Elsner}}@inproceedings{wolf93,   author    = {F. Wolf and H.--U. Bauer and T. Geisel},   editor    = {J. Bower and F. Eeckman},   title     = {Field Discontinuities and Islands in a Model of Cortical Map Formation},   booktitle = {Computation and Neural Systems},   pages     = {403},   year      = {1993},   publisher = KLUWER,   address   = {Boston},   editors   = {J. Bower and F. Eeckman}}@inproceedings{wolf93a,   author    = {F. Wolf and H.--U. Bauer and T. Geisel},   editor    = {J. Bower and F. Eeckman},   title     = {Field Discontinuties and Islands in Visual Cortical Maps as a Self--Organized Phenomenon},   booktitle = {Computation and Neural Systems},   pages     = {403},   year      = {1993},   publisher = KLUWER,   editors   = {J. Bower and F. Eeckman}}@article{wolf94b,   author    = {F. Wolf and H.--U. Bauer and and T. Geisel},   title     = {Formation of Field Discontinuities and Islands in Visual Cortical Maps},   journal   = {Biol. Cyb.},   pages     = {525},   year      = {1994},   volume    = {70}}@inproceedings{wolf95,   author    = {F. Wolf and T. Geisel},   title     = {Area 18--like Geometries Induce a global Anisotropy of Iso--Orientation domains},   booktitle = {Learning and Memory, Proceedings of the 23rd G{\"o}ttingen Neurobiology Conference 1995},   pages     = {96},   year      = {1995},   publisher = {Thieme},   address   = {Stuttgart},   volume    = {I},   editors   = {Norbert Elsner and Randolf Menzel}}@inproceedings{wolf93b,   author    = {F. Wolf and P. Heil and T. Geisel},   editor    = {N. Elsner and M. Heisenberg},   title     = {Tonotopic Organization determined by Areal Geometry},   booktitle = {Gene -- Brain -- Behaviour},   year      = {1993},   publisher = {Thieme},   address   = {Stuttgart},   bootitle  = {Gene -- Brain -- Behaviour},   editors   = {N. Elsner and M. Heisenberg}}@article{wolf93c,   author    = {F. Wolf and P. Heil and G. Langner and T. Geisel},   title     = {Developmental Multistability Explains the Variability of Periodotopic Representations in the Colliculus Inferior of Cats},   journal   = {Soc. Neurosci. Abstracts},   year      = {1993}}@inproceedings{wolf94,   author    = {F. Wolf and K. Pawelzik and T. Geisel},   editor    = {M. Marinaro and P. G. Morasso},   title     = {Emergence of long range order in maps of orientation preference},   booktitle = {Proceedings of the International Conference on Artificial Neural Networks},   organization = {ICANN},   pages     = {38},   year      = {1994},   publisher = {Springer},   address   = {Berlin},   editors   = {M. Marinaro and P.G. Morasso}}@inproceedings{wolf94a,   author    = {F. Wolf and K. Pawelzik and T. Geisel},   editor    = {F. H. Eeckman and J. Bower},   title     = {Linear and Nonlinear Evolution in Maps of Orientation Preference},   booktitle = {Computation and Neural Systems},   year      = {1994},   publisher = KLUWER,   address   = {Boston},   editors   = {F.H. Eeckman and J. Bower}}@inproceedings{wolf93d,   author    = {F. Wolf and K. Pawelzik and T. Geisel and D. S. Kim and Tobias Bonhoeffer},   title     = {Map Structure from Pinwheel Position},   booktitle = {Proceedings of the International Conference on Artificial Neural Networks},   organization = {ICANN},   pages     = {131},   year      = {1993},   publisher = {Springer},   address   = {London},   editors   = {B. Kappen and S. Gielen}}@inproceedings{wolf94c,   author    = {F. Wolf and K. Pawelzik and T. Geisel and D. S. Kim and Tobias Bonhoeffer},   editor    = {F. H. Eeckman},   title     = {Optimal Smoothness of Orientation Preference Maps},   booktitle = {Computation in Neurons and Neural Systems},   pages     = {97--101},   year      = {1994},   publisher = KLUWER,   address   = {Boston},   editors   = {F.H. Eeckman}}@inproceedings{wolf94e,   author    = {F. Wolf and K. Pawelzik and M. Riesenhuber and T. Geisel},   editor    = {N. Elsner and H. Breer},   title     = {Emergence of long range order in maps of orientation preference},   booktitle = {G{\"o}ttingen Neurobiology Report 1994},   pages     = {540},   year      = {1994},   publisher = {Thieme},   address   = {Stuttgart}}@inproceedings{wolf94d,   author    = {F. Wolf and K. Pawelzik and Maximilian Riesenhuber and T. Geisel},   title     = {Emergence of long range order in maps of orientation preference},   booktitle = {G{\"o}ttingen Neurobiology Report 1994},   pages     = {540},   year      = {1994},   publisher = {Thieme},   address   = {Stuttgart},   editors   = {N. Elsner and H. Breer}}